@article{kaplan1958nonparametric,
  title={Nonparametric estimation from incomplete observations},
  author={Kaplan, Edward L and Meier, Paul},
  journal={Journal of the American statistical association},
  volume={53},
  number={282},
  pages={457-481},
  year={1958},
  publisher={Taylor \& Francis}
}

@article{cox1972regression,
  title={Regression models and life-tables},
  author={Cox, David R},
  journal={Journal of the Royal Statistical Society: Series B (Methodological)},
  volume={34},
  number={2},
  pages={187-202},
  year={1972},
  publisher={Wiley Online Library}
}

@article{bland2004log,
  title={The logrank test},
  author={Bland, Martin and Altman, Douglas},
  journal={BMJ},
  volume={328},
  number={7447},
  pages={1073},
  year={2004},
  publisher={BMJ Publishing Group}
}

@article{vandenberg2021hazard,
  title={Visualizing Hazard Functions: Enhancing Interpretability in Clinical Risk Communication},
  author={van den Berg, Martijn H and Thijs, Amelie and van der Heijden, Gerard JMG},
  journal={Journal of Clinical Epidemiology},
  volume={138},
  pages={45-52},
  year={2021},
  publisher={Elsevier}
}

@article{chen2019mrl,
  title={Modeling Mean Residual Life in the Presence of Competing Risks},
  author={Chen, Yi and Ibrahim, Joseph G and Sinha, Debajyoti},
  journal={Biometrics},
  volume={75},
  number={2},
  pages={558-567},
  year={2019},
  publisher={Wiley Online Library}
}

@article{cai2010mrl,
  title={Estimation of Mean Residual Life under Censoring and Truncation},
  author={Cai, Jianwen and Zheng, Jiajia},
  journal={Statistics in Medicine},
  volume={29},
  number={11},
  pages={1180-1192},
  year={2010},
  publisher={Wiley Online Library}
}

@book{therneau2020cox,
  title={Modeling Survival Data: Extending the Cox Model},
  author={Therneau, Terry M and Grambsch, Patricia M},
  year={2020},
  publisher={Springer},
  edition={2},
  address={New York}
}

@article{pencina2004lifetime,
  title={General cardiovascular risk profile for use in primary care: the Framingham Heart Study},
  author={Pencina, Michael J and Dâ€™Agostino, Ralph B and Larson, Martin G and Massaro, Joseph M and Vasan, Ramachandran S},
  journal={Circulation},
  volume={117},
  number={6},
  pages={743-753},
  year={2004},
  publisher={Am Heart Assoc}
}

@misc{therneau2022survival,
  title={A Package for Survival Analysis in R},
  author={Therneau, Terry M and Lumley, Thomas},
  year={2022},
  note={R package version 3.5-0},
  howpublished={\url{https://cran.r-project.org/package=survival}}
}

@article{peterson2012graphs,
  title={Graphs in Print: A Survey of Medical Graphical Literacy},
  author={Peterson, Edward and Gamo, Karen and Saha, Sumitra and Faulkner, Trevor and Novotny, Peter},
  journal={Annals of Internal Medicine},
  volume={157},
  number={5},
  pages={385-388},
  year={2012},
  publisher={American College of Physicians}
}
